3234 5142
681 367 858 437 ..77-

236 546 373 641 quitur,
381 542 538 644 prolude,
551 542 731 630 recitative,
745 538 934 627 ritoruelle,
950 538 1112 628 roadeuu,
1126 537 1301 626 succede,

236 695 448 794 nympheum
460 694 561 768 variis
575 693 715 767 urbana
731 691 810 767 vitae
820 689 1014 790 elegantiis,
1027 688 1299 778 oblectamentis,

238 856 342 946 atquo
366 846 627 944 voluptatibus:
652 844 835 935 belvedere,
856 843 984 934 culusit,
1006 843 1300 941 fluctuosae,

239 1042 286 1056 -
302 999 430 1091 umbre,
443 961 576 1098 piquet,
593 1011 700 1097 capot,
717 999 928 1096 quiutsuole,
946 1038 991 1052 -
1001 996 1135 1086 amour,
1157 996 1301 1093 caprice,

238 1153 398 1250 tetrique,
415 1151 535 1251 soille,
549 1150 677 1242 teadre,
694 1151 792 1242 beau,
808 1162 936 1248 coquet,
956 1150 1118 1222 brunetto.
1134 1146 1301 1245 Denique,

240 1326 284 1378 ne
302 1303 411 1378 ullum
429 1303 540 1403 gentis
558 1312 683 1378 nostrae
705 1301 884 1377 omittatur
904 1300 1013 1376 laudis
1030 1323 1153 1398 genus,
1180 1298 1305 1375 exteris

239 1454 342 1530 etiem
358 1455 477 1554 coquis
491 1462 524 1529 et
535 1453 691 1530 vestificis
711 1477 773 1530 nos
788 1454 882 1553 leges
897 1453 1030 1529 dedisse
1047 1452 1214 1527 nonnulla
1232 1473 1305 1526 ma·

239 1607 410 1691 nileslum,
430 1605 575 1699 iaciunt,
601 1615 639 1681 ut
661 1608 799 1697 dessert,
822 1606 994 1704 sricusoee,
1021 1619 1154 1704 ruyout,
1174 1615 1302 1695 cruout,

236 1758 377 1856 paule,
390 1761 592 1857 pantaleon,
608 1772 751 1850 surtout,
764 1761 875 1859 yimp.
968 1847 971 1850 ‚

289 1910 387 1999 Quod
411 1913 438 1984 si
453 1934 546 1986 nunc
559 1934 600 1988 ea
620 1911 725 1987 verba
749 1919 879 1988 attente
905 1909 1124 1985 considerare
1143 1908 1304 2008 aggredi-

242 2084 334 2152 mur,
354 2072 392 2136 ut
409 2084 496 2170 quos
515 2062 653 2138 babitus
671 2062 868 2164 agendique
885 2060 1005 2137 modos
1031 2060 1065 2134 in
1088 2060 1302 2136 Britanniam

241 2238 357 2291 secum
382 2217 560 2292 attulerint
581 2216 771 2307 videamus,
793 2216 872 2292 duae
895 2241 950 2293 res
968 2212 1190 2327 observandae
1209 2222 1303 2305 sunt,

242 2369 370 2445 scilicet
385 2369 593 2469 syllabarum
608 2379 780 2461 accentus,
798 2379 832 2446 ot
850 2372 1045 2448 litterarum
1066 2370 1270 2448 enuntiatio.

291 2521 343 2596 Ab
357 2530 501 2598 accentu
519 2521 655 2597 initium
683 2522 822 2613 faciam,
844 2534 878 2600 et
900 2524 976 2624 quis
990 2524 1073 2599 olim
1092 2523 1209 2612 fuerit,
1230 2520 1308 2620 quis

243 2697 336 2750 nurrc
349 2675 404 2764 sit,
428 2674 602 2772 inquirere
623 2675 815 2750 instituam.
835 2676 1021 2775 Apparebit
1041 2675 1309 2774 quidemmajo-
1413 2733 1416 2739 .

244 2849 318 2902 rem
332 2849 466 2917 eorum,
483 2850 562 2936 quae
585 2851 689 2926 supra
710 2829 837 2927 scripta
854 2827 1009 2922 luerunt,
1024 2829 1209 2905 verborum
1226 2850 1308 2926 par-

243 2986 328 3086 tem,
349 2978 519 3056 Gallicum
545 2988 729 3057 accentum
754 3005 822 3056 nou
844 2990 979 3057 tuntum
1002 3005 1121 3058 secum
1140 2983 1309 3080 importa-

245 3132 344 3222 visse,
359 3133 417 3208 sed
447 3133 549 3208 etium
569 3157 822 3234 nunc-quoquo
849 3135 1011 3226 retinere,
1032 3135 1159 3210 scilicet
1184 3135 1219 3208 in
1243 3134 1310 3208 illis

246 3286 414 3373 ullimem,
443 3310 521 3385 quae
540 3296 650 3372 sonat,
672 3288 838 3388 syllabam
867 3288 992 3364 elevari
1017 3288 1140 3363 solere.
1169 3288 1310 3362 Constat

245 3448 359 3514 autem
377 3462 419 3514 ea
430 3463 508 3536 quae
518 3463 559 3515 ox
575 3438 781 3514 nostratibus
794 3439 977 3530 vocabulis,
993 3439 1225 3514 anterioribus
1241 3463 1306 3513 see·

245 3591 343 3681 culis,
366 3591 526 3666 translata
546 3591 699 3681 fuerunt,
717 3591 871 3666 nativum
899 3600 1081 3666 accentum
1103 3590 1308 3688 plerumque

245 3742 409 3835 emisisse,
425 3752 460 3819 et
480 3739 750 3843 ad'novasleges
769 3765 842 3817 sese
861 3741 1174 3818 accommodavisse
1188 3744 1211 3816 ¹.
1230 3743 1306 3830 Quo

246 3917 327 3969 varo
342 3894 468 3969 clarius
488 3893 687 3969 ostendatur
715 3917 821 3992 quam
851 3893 964 3984 aliter,
983 3902 1086 3992 prout
1112 3893 1310 3991 antiquiora

245 4054 305 4121 eut
319 4047 522 4136 ¹recentiora
540 4055 634 4136 sunt,
655 4047 786 4136 ¹Gallica
805 4047 911 4121 ‚verba
934 4047 967 4119 iu
987 4046 1131 4147 Anglico
1148 4069 1308 4123 sermone

277 4251 300 4302 1.
318 4253 377 4304 vice
390 4255 522 4314 Mastaner,
537 4253 556 4314 1,
571 4254 635 4304 Pars
648 4254 668 4313 Ι,
682 4252 765 4305 Sestio
780 4253 801 4313 1,
816 4254 836 4302 Α
853 4267 859 4299 :
875 4251 910 4302 De
922 4251 1043 4303 Acccatu.
