3234 5142
353 553 528 627 Ronaanu.
1055 549 1251 654 Fuauauau.

1056 700 1322 777 Ponrunurnnu

321 837 333 908 s
355 856 480 931 Mirum
497 839 547 932 bst
568 877 610 930 ex
628 851 669 928 iis
688 853 758 930 dun
777 854 948 929 Gallinam
973 841 1156 930 absentum
1176 843 1371 942 amisisse¹3

278 1019 280 1026 ’
308 1007 371 1082 nisi
383 1001 1069 1104 anteriora‚nanum'aparromswallow,
1083 1005 1214 1094 wallon,
1227 1005 1370 1096 willam,

308 1169 342 1235 at
361 1167 499 1251 caetera,
515 1157 604 1233 lnrte
622 1157 753 1232 inritata
774 1157 856 1250 sint,
874 1179 1022 1255 quorum
1043 1157 1165 1265 ultima
1177 1156 1306 1256 syllaba
1324 1156 1373 1230 si-

308 1318 366 1386 cut
383 1310 552 1386 Gallicum
567 1334 630 1383 eata
650 1308 867 1384 enuntiatur.

356 1528 566 1603 Duauucuae.
1133 1527 1304 1601 Caunum.

357 1681 500 1756 Erornn.
1133 1654 1254 1752 Lerna.

357 1833 550 1906 Furcrssan.
1018 1880 1025 1888 -
1139 1829 1306 1943 Srunenn.

357 1984 525 2058 Buranun.
1133 1961 1315 2057 Buranun

359 2136 550 2208 Rarnnran.

341 2244 526 2360 'Gallicum
539 2293 720 2360 accentum
735 2283 920 2374 retinent³,
936 2293 1058 2382 prater
1067 2295 1215 2383 quatuor
1225 2294 1378 2364 tanturn.

313 2438 476 2528 Conuiuae,
506 2437 607 2528 levae,
629 2437 802 2511 anteriora
820 2461 933 2532 army,
955 2449 1109 2534 country,
1135 2461 1249 2535 currey,
1275 2447 1379 2535 atque

313 2557 388 2686 leuy
420 2586 527 2686 (apud
557 2587 785 2685 Sbalrspeare)
808 2587 949 2661 imitata.
973 2597 1065 2678 sunt,
1094 2610 1246 2685 quorurn
1272 2589 1381 2663 instar

315 2735 433 2813 ultinia
463 2739 497 2812 iu
528 2739 581 2812 his
606 2738 749 2837 syllaba,
772 2735 928 2835 quamvis
950 2761 1018 2814 nnn
1049 2739 1232 2831 scribatur,
1261 2750 1378 2816 lamen

315 2892 527 2972 errautiatur.
544 2891 645 2966 Acuti
666 2898 841 2983 accentus,
861 2914 931 2989 qun
946 2893 1076 2967 Gallica
1094 2888 1260 2991 aimabrte
1281 2902 1381 2969 unla-

316 3053 386 3136 tur,
408 3043 576 3118 memoria
591 3043 626 3116 in
648 3042 827 3116 Britannia
845 3042 960 3141 periit,
980 3043 1082 3140 (sicut
1100 3044 1134 3118 in
1157 3069 1296 3143 mosque
1318 3069 1382 3144 pro

317 3195 484 3292 mosquea)
498 3195 544 3268 ita
563 3202 601 3269 ut
616 3194 756 3268 nuncin
774 3217 817 3269 en
837 3195 960 3269 ultima
977 3195 1106 3294 syllaba
1124 3205 1222 3272 sonet
1240 3196 1384 3294 perinde

319 3371 360 3424 aa
385 3348 413 3424 si
438 3348 580 3457 anglice
601 3347 811 3422 scriberetur
833 3370 873 3419 or
899 3355 960 3421 arat
981 3372 1041 3437 er;
1059 3347 1108 3423 itb
1131 3348 1175 3423 ad
1199 3350 1386 3426 vetustiora

318 3496 493 3589 an'eeslor,
511 3463 691 3590 barb'elor,
708 3493 908 3597 aestuanter,
930 3495 1132 3598 meas'enqer
1149 3524 1223 3577 sese
1241 3503 1384 3600 aptavit.

321 3651 521 3750 Reveille(e
535 3651 665 3726 Galliae
683 3651 831 3742 reveille,
847 3658 885 3725 ut
899 3651 1048 3743 ridetur,
1071 3653 1229 3750 quamvis
1243 3655 1277 3728 in
1293 3656 1387 3755 glos-

322 3805 419 3878 sariis
440 3804 563 3879 nostris
584 3804 689 3876 reveri
710 3811 846 3877 tanturn
868 3803 1022 3880 invenire
1046 3806 1217 3903 potuerim
1236 3830 1278 3882 ea
1305 3831 1385 3883 cum

323 3955 571 4055 significatione
591 3978 695 4052 quarn
717 3976 810 4029 nune
825 3955 891 4032 boc
905 3956 1050 4055 Anglioe
1063 3957 1210 4051 obtinet,
1228 3961 1357 4037 scilicet
1376 3987 1387 4036 ε

357 4180 369 4229 1
384 4238 387 4245 ¹
398 4181 515 4231 Nonnulli
529 4181 603 4231 etiam
616 4179 726 4232 randena
737 4195 793 4231 curn
805 4187 908 4232 accentu
921 4182 947 4231 in
960 4183 1038 4246 prima
1053 4187 1146 4248 syllaba
1157 4190 1298 4240 enuntiant.

357 4250 381 4300 2.
399 4253 427 4302 ln
441 4254 514 4304 verba
529 4265 628 4318 apopae,
642 4252 720 4316 prirna
731 4253 824 4318 syllaba
840 4268 1017 4318 nonuunquam
1031 4262 1160 4308 accentum
1173 4261 1271 4324 recipit.
