3234 5142
662 493 706 504 ..
733 452 773 524 13
796 495 840 505 -

216 624 377 722 quisque,
399 625 476 722 ejus
494 626 693 722 exemplum
714 634 866 715 secutus,
888 633 1025 711 nostros
1043 649 1156 703 rueres
1179 617 1286 709 hahi-

217 784 344 875 tusque
359 777 451 852 ultro
463 777 641 876 amplexus
659 778 726 856 sur
747 779 889 862 Constat
902 802 1038 876 quoque
1051 779 1284 854 Britannicam

216 937 371 1028 gentem,
397 931 542 1038 tongum
559 931 755 1038 durumque
780 931 1028 1018 Buritanorum
1044 932 1170 1030 jugum
1193 906 1285 1030 aegre

219 1105 369 1180 passam,
398 1083 559 1158 omnibus
579 1083 657 1158 rita
686 1083 947 1159 oblectamentis
970 1082 1101 1158 diutius
1121 1082 1283 1171 caruisse,

216 1255 288 1332 quo
304 1232 496 1314 factumest
508 1242 559 1326 ut,
572 1255 652 1314 eum
667 1256 727 1324 rex
739 1233 814 1333 jam
825 1234 1021 1332 elegantem
1036 1253 1077 1322 ac
1089 1233 1286 1332 jucundum

219 1383 355 1470 uiuendi
383 1383 526 1472 modum
560 1393 754 1462 restaurare
784 1384 976 1475 studuerit,
1000 1385 1287 1473 libentissimesit

219 1559 300 1626 eum
319 1544 447 1616 souutu.
1270 1646 1272 1651 .

239 1737 243 1742 κ-
270 1688 450 1776 Gallorum
464 1688 568 1788 igitur
582 1687 728 1765 imitatio
743 1690 778 1762 in
794 1689 994 1780 Britannica
1009 1688 1089 1774 aula
1103 1709 1188 1775 mox,
1199 1711 1288 1796 prae-

222 1841 340 1916 valuit.
367 1840 402 1917 Si
426 1840 567 1940 quidem
589 1865 707 1941 regem
733 1841 932 1940 amicosque
959 1842 992 1916 in
1021 1841 1127 1940 regiis
1154 1841 1287 1940 palatiis

221 2003 280 2070 aut
306 1994 415 2084 hortis
439 2003 579 2108 agentes
607 1995 825 2092 respexissos,
851 2017 923 2080 imo
943 1996 972 2080 si
1000 1995 1091 2070 inter
1114 2018 1153 2079 se
1174 1994 1287 2069 collo-

222 2154 366 2245 quentes
386 2147 582 2238 audivisses,
604 2147 728 2244 saepius
751 2154 786 2224 te
807 2170 881 2225 esse
904 2146 1103 2234 credidisses
1127 2146 1283 2235 Lutetiae,

221 2301 310 2386 Cum
324 2300 419 2377 enirn
437 2323 497 2384 ret
515 2308 551 2376 et
565 2301 763 2385 amicorum,
774 2299 916 2398 plurimi
938 2300 1067 2376 Gallico
1081 2301 1233 2377 sermoni
1251 2301 1287 2374 in

221 2453 331 2528 Gallia
346 2453 583 2544 assuevissent,
609 2453 823 2551 quicumque
841 2452 1044 2530 urbanitatis
1064 2453 1203 2541 laudem
1221 2476 1287 2554 ap·

219 2616 375 2706 peteret,
395 2608 524 2696 Gallice
550 2607 644 2707 loqui
668 2606 811 2705 solebat,
844 2608 932 2698 adeo
956 2616 990 2685 ut
1023 2615 1139 2691 noster
1165 2608 1289 2684 Saint-

222 2733 432 2852 Erremond,
461 2761 523 2861 qui
552 2781 620 2850 non
650 2784 780 2860 paucos
807 2762 889 2852 uitae
911 2784 1020 2836 annos
1050 2763 1085 2836 in
1104 2762 1289 2846 Britannia

223 2915 314 2990 exsut
333 2913 430 3005 vixit,
451 2913 619 3012 adoptivae
637 2915 749 3014 gentis
763 2914 920 3014 linguam
943 2914 1073 3000 discere
1099 2937 1168 2992 non
1186 2937 1288 3022 ouraf

219 3070 326 3164 norit,
353 3091 427 3154 non
444 3069 608 3169 quidem,
629 3077 680 3154 ut·
695 3069 852 3152 nonnulli
877 3068 1054 3160 dixerunt,
1081 3070 1196 3152 nescio
1218 3092 1289 3168 quo

223 3222 329 3299 Galiis
349 3222 454 3305 insito
468 3222 658 3306 alienarum
679 3222 878 3330 linguarum
901 3229 1118 3318 contemptu,
1132 3220 1194 3296 sed
1207 3221 1289 3319 quia

222 3374 306 3450 satis
328 3375 451 3450 nurltos
472 3376 567 3461 circa
590 3399 627 3452 se
645 3374 843 3450 inueniebat
863 3374 1068 3471 quibuscum
1092 3373 1198 3449 natali
1219 3396 1289 3448 ser·

217 3505 497 3626 ‚moneicottoqui
520 3535 646 3626 pocot
661 3526 751 3617 Quin
767 3527 885 3618 etiam,
905 3525 1066 3626 egregius
1082 3548 1125 3602 ex
1146 3525 1290 3625 Angtica

223 3680 401 3756 nobilitate
415 3680 467 3756 vir
486 3679 553 3780 (t),
572 3703 652 3756 cum
668 3680 794 3755 librum
811 3701 1019 3777 componere
1031 3702 1212 3778 aggressus
1224 3687 1288 3770 est,

221 3832 472 3944 nativaiiugua
491 3833 627 3908 utinen
642 3832 884 3936 dignatusest,
903 3832 1134 3932 eumdemque
1163 3830 1291 3908 Galtire

217 3985 371 4082 scripsit,
387 3994 458 4060 tam
474 3983 627 4084 lepidum
644 3981 725 4062 vero
740 3994 776 4061 et
795 3984 1018 4083 exquisitum,
1036 3992 1087 4074 ut,
1102 3984 1190 4061 sicut
1212 3985 1291 4062 exi-

256 4337 279 4388 1.
296 4339 428 4391 Hamilton.
