3234 5142
774 426 951 494 ..94-

325 598 555 696 ,ὴυιητορθνῂ
575 595 618 670 ad
647 603 834 682 nostratem
849 619 966 681 rocem
983 599 1278 698 interpretandam
1293 607 1394 674 nota·

231 801 234 806 -
330 731 419 842 turn,
437 751 528 848 quod
544 749 589 823 ab
602 733 745 847 Anglica
760 747 857 846 parte
870 747 1002 825 aberat.

338 965 341 978 ι
381 905 564 992 Praeterea,
591 925 634 977 ne
662 902 696 974 in
717 924 871 977 errorem
903 925 1056 1000 raperer,
1085 926 1198 978 meam
1219 903 1395 1002 propriam

331 1053 612 1152 peculiaremque
641 1053 823 1156 verborum
852 1054 1102 1146 recensionem,
1138 1055 1186 1129 ita
1220 1063 1393 1154 paratam,

331 1206 468 1294 contuli
492 1229 572 1281 cum
593 1201 873 1282 ¹accuratissimo¹
902 1205 1107 1305 Shalspoari
1146 1207 1273 1305 lingum
1302 1207 1397 1306 glos-

334 1357 423 1453 sario
434 1357 498 1454 (l),
509 1364 544 1432 et
562 1379 642 1432 cunr
655 1357 880 1455 Anglicorum
893 1357 1077 1433 verborum
1090 1357 1306 1446 dictionario,
1317 1379 1397 1454 quoa

309 1508 558 1601 duodecimo,
588 1510 689 1623 tertio
716 1509 874 1601 decimo,
900 1519 1024 1608 quarto
1051 1519 1086 1586 et
1114 1510 1236 1611 quinto
1263 1508 1397 1624 decimo

333 1661 466 1738 saeculis
489 1660 643 1737 adhibita
662 1660 804 1738 luerunt
822 1661 888 1761 (l).
911 1662 963 1737 nb
986 1663 1095 1738 altero
1120 1685 1260 1760 quoque
1277 1671 1400 1741 vetus·

333 1815 430 1891 tioris
449 1815 635 1892 Britannia
653 1816 823 1891 sermonis
837 1816 1023 1915 interprete
1036 1815 1203 1894 auxilium
1221 1816 1316 1914 potii,
1336 1838 1401 1890 cn-

332 1969 388 2069 jus
408 1990 494 2066 opus
513 1965 598 2044 mihi
624 1967 771 2066 perutile
790 1966 921 2056 luisset,
947 1967 1013 2043 nisi
1033 1968 1247 2049 essetadhuc
1268 1968 1402 2068 imper·

334 2119 462 2197 fectum
489 2119 554 2216 (3).
580 2118 853 2221 Etymologicum
886 2119 1028 2196 tandem
1062 2120 1196 2220 Angliei
1232 2106 1401 2200 sermonis

333 2273 574 2362 dictionarium
594 2293 730 2370 semper
748 2279 829 2346 anta
842 2273 959 2348 oculos
972 2271 1092 2362 habui,
1108 2295 1131 2349 a
1152 2272 1347 2352 doctissime
1362 2275 1399 2350 in

334 2426 554 2512 universitate
575 2424 846 2524 Cantabrigiensi
871 2423 1063 2522 professore
1081 2427 1309 2524 compositum
1330 2427 1399 2527 (d),

334 2579 589 2679 diligentissimo
605 2578 755 2654 collectis
769 2578 983 2678 argumentis
1003 2579 1163 2672 densum,
1185 2581 1342 2678 quamvis
1357 2581 1402 2655 ab

335 2729 457 2806 eodem
479 2739 747 2828 nonnunquam,
765 2739 801 2806 nt
817 2751 896 2804 mox
916 2730 1109 2829 apparebit,
1123 2730 1353 2824 dissenserirn,
1368 2741 1404 2808 et

336 2882 368 2958 ei
395 2903 484 2958 nova
509 2881 668 2980 quaedam
702 2882 745 2958 de
772 2881 1020 2956 nonnullorum
1045 2882 1231 2958 verborum
1257 2883 1403 2961 historia

336 3033 663 3132 adderepotuerim.

358 3155 367 3197 ⁷
384 3188 435 3260 lta
448 3185 483 3262 id
500 3178 600 3262 unica
615 3188 731 3263 studui
757 3200 793 3264 ut
819 3192 1016 3290 colligerem
1038 3189 1144 3266 verba
1158 3160 1289 3264 Gallica
1314 3211 1402 3286 quo-

338 3359 416 3412 rum
430 3337 562 3412 nullum
575 3347 655 3426 anto
668 3342 818 3416 auctoris
830 3344 897 3418 mei
909 3351 1046 3441 tempus
1060 3341 1254 3420 adhibitum
1269 3339 1401 3434 luisset,

370 3671 392 3720 l.
412 3669 519 3718 lexicon
537 3683 567 3718 zu
589 3669 770 3732 Shalrespoaros
785 3671 896 3720 Werkon.
914 3674 966 3721 von
981 3674 1023 3721 Dr.
1040 3672 1177 3720 Alexander
1194 3671 1313 3721 Sclnnidt.
1332 3671 1405 3732 tart,

339 3741 430 3862 ὝΙΑ
445 3813 587 3875 Dictionary
602 3813 629 3862 os
638 3813 680 3860 tlre
695 3813 739 3862 Old
756 3811 860 3873 English
876 3815 1017 3876 Langnage,
1035 3813 1156 3876 compiled
1173 3813 1237 3861 from
1254 3812 1368 3876 writings
1380 3817 1409 3863 ol

338 3885 442 3966 tne'nll.
456 3883 522 3932 lllll.
539 3885 591 3932 xlv
612 3885 660 3931 and
676 3885 723 3934 XV.
743 3884 874 3943 centurias,
892 3887 925 3948 By
940 3885 1041 3937 Francis
1060 3887 1141 3948 Henrp
1161 3885 1315 3933 Stratmann.
1329 3886 1404 3934 Tlrird

341 3953 580 4089 Edpltppppelnssgllissffl
596 4029 783 4090 Spraclrprolron
795 4030 1002 4091 llerausgegeben
1012 4043 1058 4077 ron
1070 4030 1165 4078 Eduard
1177 4031 1293 4077 lliitzner.
1303 4029 1406 4077 Zwoiter

340 4098 407 4146 Band
424 4113 430 4144 t
445 4099 615 4146 Wdrtarbnch.
631 4101 700 4146 Erste
715 4099 866 4162 Abtlreilnng
880 4115 886 4146 τ
899 4103 926 4148 Α.
938 4126 968 4135 —-
980 4102 1007 4149 D.
1024 4098 1093 4148 1878.

373 4169 396 4216 l.
414 4171 450 4217 dn
466 4169 642 4232 Etymnlogical
655 4170 795 4232 Dietionary
814 4171 842 4218 ol
854 4172 895 4219 tlrc
911 4171 1013 4234 English
1033 4173 1173 4231 Langnage,
1189 4171 1310 4231 arranged
1323 4184 1355 4217 ou
1372 4184 1405 4218 an

343 4239 474 4289 ilistorical
492 4239 569 4289 Basia.
586 4243 619 4303 By
637 4243 680 4288 tlre
700 4245 758 4290 lter.
770 4243 863 4292 Walter
874 4245 909 4292 W.
922 4244 1003 4292 Skeat.
1025 4243 1224 4295 nuccctxmx.
1243 4243 1292 4290 lloc
1309 4255 1406 4302 quoque

344 4323 405 4377 opus
417 4311 497 4360 adhuc
511 4311 692 4376 imperfectum,
709 4315 750 4362 sod
761 4314 812 4383 jam
825 4316 854 4362 ad
868 4314 975 4367 litteram
989 4317 1009 4369 R
1024 4315 1165 4368 adductum.
