3234 5142
662 433 838 501 ...23-

225 615 302 683 ortu
334 606 524 705 sequimur,
560 606 738 705 variosque
764 628 865 683 casus
887 628 958 684 uuo
978 607 1085 704 quasi·
1103 616 1286 705 conspectu

224 758 478 857 amplectimur.

176 894 179 898 ’
271 911 340 987 Sed
356 911 391 985 iu
404 908 583 987 Britannia
599 912 713 987 nullus
722 911 887 989 hacteuus
896 919 947 987 est
960 910 1064 1007 hujus
1078 909 1171 988 modi
1183 909 1284 1001 liber,

223 1063 286 1142 etsi
308 1063 375 1141 siut
393 1064 623 1161 quorumdam
644 1073 824 1141 auctorum
849 1064 1066 1141 recensiones
1084 1065 1284 1162 verborum,

223 1236 373 1311 quarum
398 1239 517 1295 unam,
534 1240 613 1292 mox
638 1216 869 1294 laudabimus.
906 1217 989 1294 Mihi
1018 1217 1123 1314 igitur
1150 1238 1287 1298 neccsse

223 1368 288 1448 luit
302 1368 408 1447 uerba
427 1375 605 1448 recensere
624 1378 659 1447 et
677 1372 851 1471 colligere,
868 1379 903 1447 et
920 1370 1036 1447 omnia
1053 1393 1132 1468 quae
1147 1369 1284 1468 brpdeu

222 1524 356 1622 scripsit
372 1525 597 1601 attentissime
613 1525 807 1625 perlegere,
829 1525 958 1601 Gallico
974 1523 1082 1617 omni,
1097 1532 1167 1621 quo
1181 1521 1285 1603 luerit

223 1698 315 1766 mus,
335 1676 502 1756 vocabula
517 1678 698 1777 diligenter
715 1685 847 1771 notato,
864 1687 967 1776 atque
978 1698 1048 1775 quo
1060 1676 1187 1753 certius
1198 1674 1284 1753 mibi

220 1828 394 1923 affirmare
413 1830 532 1909 liceret
545 1829 636 1907 idem
657 1852 727 1909 uon
747 1831 791 1905 nb
807 1830 979 1909 anteriore
992 1829 1159 1926 scriptore
1176 1826 1283 1907 adhi-

220 1940 328 2055 bitum
356 1980 472 2073 luisse,
499 1982 753 2082 philologorum
771 1982 970 2081 aliquorum
990 2002 1096 2078 opero
1113 1978 1286 2081 peruolri,

163 2133 171 2144 '
221 2131 264 2209 de
281 2134 405 2231 quibus
420 2157 514 2215 uuuo
533 2156 639 2232 pauca
657 2135 804 2211 dicendo
822 2143 914 2210 suut.

268 2285 416 2365 Maxime
442 2286 525 2365 mibi
551 2284 682 2383 proluit
715 2285 800 2363 illud
831 2285 1003 2362 Gallicum
1029 2284 1283 2383 anglicumque

219 2436 434 2535 glossarium,
467 2438 511 2513 ab
543 2437 687 2537 buglicc
709 2437 937 2537 grammatico
964 2438 1133 2535 tlorgmvo
1159 2456 1283 2534 aggone
1380 2539 1388 2551 ο

221 2598 294 2667 turn
317 2590 387 2689 (l),
406 2590 615 2689 amplissima
627 2558 807 2689 utriusque
824 2590 949 2686 liuguae
965 2588 1150 2667 verborum
1161 2587 1283 2666 collec-

220 2742 281 2835 tio,
298 2742 398 2841 cujus
412 2764 480 2821 uua
492 2742 611 2835 editio,
627 2740 737 2819 lausto
753 2741 904 2840 quodam
918 2764 960 2817 ac
972 2739 1063 2818 felici
1080 2740 1165 2819 mihi
1183 2762 1279 2831 casu,

220 2900 343 2974 eodem
358 2898 431 2975 lere
444 2906 599 2996 tompore
623 2898 846 2975 emittebatur
864 2922 933 2997 quo
947 2904 1049 2997 poeta
1063 2896 1282 2973 nosterscri·

222 3050 304 3124 bere
323 3050 518 3147 incipiebat.
611 3107 613 3113 -

269 3200 406 3301 Drydeu
431 3202 524 3277 enim
548 3201 679 3299 primos
702 3224 820 3277 versus
844 3222 936 3277 anno
960 3200 1083 3276 unct.
1107 3199 1260 3278 ediderat
1268 3226 1279 3289 ;

221 3353 302 3431 illud
322 3354 364 3429 de
383 3376 452 3455 quo
468 3377 574 3453 supra
590 3354 723 3431 dictum
739 3361 790 3431 est
806 3353 1008 3453 glossarium
1027 3359 1190 3451 quartum
1205 3351 1282 3429 cde·

221 3504 324 3578 batur
338 3496 614 3581 auuo'MDCLX.
637 3506 728 3619 Cum
742 3527 824 3579 uero
844 3506 878 3578 in
898 3504 955 3578 illo
970 3504 1083 3578 minor
1097 3504 1140 3578 sit
1156 3502 1283 3603 Angli-

220 3680 344 3733 cnrum
358 3680 463 3755 quam
477 3656 690 3734 Gallicorum
704 3656 889 3733 verborum
906 3665 1104 3755 apparatus,
1119 3678 1189 3733 uon
1203 3656 1284 3730 satis

221 3811 329 3884 habui
344 3810 523 3911 Anglicam
545 3818 679 3909 partem
703 3833 893 3907 recensere,
918 3809 981 3885 nisi
1007 3810 1174 3886 Gallicum
1196 3833 1284 3909 quo-

222 3983 290 4058 qne
305 3952 567 4045 recensuissent,¹
585 3962 620 4037 in
644 3985 715 4063 qua
738 3983 991 4061 nonnunquam
1007 3962 1190 4061 Anglioum
1204 3985 1284 4037 uer·

254 4267 277 4317 l.
294 4271 314 4320 Α
328 4270 423 4319 Freuch
439 4270 488 4319 aud
502 4270 602 4334 English
615 4270 763 4339 bictiouary,
781 4272 916 4335 Gompooed
928 4273 960 4337 by
973 4272 1018 4323 llr.
1030 4271 1128 4326 uentu
1138 4272 1262 4338 Colman
1275 4288 1284 4324 .·

223 4340 288 4389 With
301 4342 412 4390 Another
424 4342 566 4406 iubnglisb
581 4344 630 4391 and
643 4344 769 4393 Freuob...
786 4346 916 4393 Loudou...
935 4344 1006 4394 lanu.
