3234 5142
776 365 953 435 ..12-

331 531 510 608 Cornelius
529 533 762 632 Raoiniusque
792 534 1024 628 cothurnum,
1049 537 1209 613 Mulierus
1235 561 1395 633 soccum,

330 708 467 760 summo
488 685 644 761 omnium
668 685 785 762 favore
809 688 1004 786 gestabant,
1028 659 1100 787 quo
1124 690 1258 766 Bolaeus
1276 692 1399 769 luridis

331 837 484 913 uersibus
498 837 711 912 Parnassum
729 839 890 932 regebat,
901 855 976 952 {qrto
989 841 1155 917 Bossuetii
1169 807 1400 942 grandiloqua

250 959 253 966 ⁵
331 947 421 1066 rore
435 957 546 1063 sacrae
554 989 644 1065 ades
668 953 976 1092 resonabantquo
999 960 1121 1092 lepidis
1140 965 1303 1069 Fontanii
1318 995 1400 1070 exi-

333 1142 480 1240 miisque
498 1140 622 1217 sabulis
637 1143 780 1218 ieoto'res
796 1142 1075 1220 delectabamur.-
1088 1145 1226 1221 Nullum
1240 1147 1396 1238 tandem,

332 1303 371 1408 ut
394 1295 442 1371 ita
467 1294 595 1403 diuam,
619 1303 692 1370 erat
717 1296 910 1371 litterarum
937 1321 1046 1396 genus
1071 1297 1105 1370 in
1133 1321 1203 1409 quo
1231 1299 1398 1375 imitando

332 1408 445 1524 Gallia
463 1446 622 1553 exempla
640 1463 707 1522 non
724 1455 944 1548 proponeret.
1057 1466 1060 1470 ·

381 1601 451 1677 Nee
464 1608 599 1678 tantum
617 1596 820 1677 litterarum
834 1623 900 1702 ope
914 1602 1100 1677 auotoritas
1123 1610 1242 1679 nostre
1260 1627 1398 1702 praeva-

331 1751 435 1830 lebat.
455 1753 616 1830 Ludovioi
634 1755 887 1832 uulamouunes
905 1762 995 1832 artes
1013 1762 1048 1832 et
1063 1756 1245 1857 elegantiae
1265 1757 1398 1835 inoole-
1449 1800 1453 1806 =
1524 1784 1530 1788 “

332 1905 428 1998 bant,
457 1905 504 1982 ita
521 1913 560 1982 ut
579 1905 622 1982 ad
647 1902 737 1982 iltius
764 1906 955 2008 imaginem
970 1914 1104 1984 caetere
1123 1909 1212 1984 aulae
1237 1932 1314 1986 sese
1339 1909 1401 1985 di-

334 2058 446 2159 rigere
464 2067 567 2158 atque
585 2056 851 2136 accommodare
867 2059 1031 2137 solerent.
1045 2061 1214 2138 Omnibus
1228 2061 1261 2134 in
1281 2061 1396 2155 rebuS,

335 2237 413 2312 qum
426 2213 468 2289 ad
478 2213 554 2288 ritae
570 2213 836 2290 concinnitatem
848 2214 1037 2314 pertinent,
1050 2214 1213 2313 quidquid
1228 2215 1400 2290 Gallicum

334 2379 405 2442 erat
427 2390 488 2465 pro
512 2367 587 2466 lege
607 2367 814 2443 habebatur.
837 2368 1019 2459 Quomodo
1040 2367 1074 2441 in
1099 2367 1264 2466 singulari
1282 2377 1401 2443 certa-

335 2520 428 2614 minu
444 2520 556 2624 uirum
576 2543 612 2597 so
629 2543 763 2620 gerere,
786 2543 873 2618 quas
891 2527 1000 2596 vestes
1017 2519 1270 2620 induerepquae
1286 2520 1401 2618 capil-

274 2631 277 2641 ‘
334 2675 485 2750 lamenta
511 2674 615 2771 oapiti
642 2644 941 2771 superimponere,
967 2673 1091 2773 quibus
1118 2673 1304 2772 unguentis
1334 2673 1399 2762 uti,

335 2851 421 2925 quas
445 2827 641 2903 saltationes
655 2826 791 2916 saltare,
810 2849 896 2926 quos
917 2826 1057 2901 musicae
1074 2824 1196 2901 modos
1218 2823 1399 2915 admirari,

335 2979 457 3076 quibus
471 2979 701 3055 condimentis
720 2978 901 3078 indulgere
920 2985 1107 3075 oporteret,
1126 2977 1272 3053 Lutetia
1284 2977 1401 3054 edice·

334 3129 472 3231 batur(
498 3132 525 3228 ).
563 3200 566 3204 .

385 3287 474 3361 Cum
493 3307 572 3360 uero
590 3307 652 3382 per
669 3308 706 3362 se
726 3285 836 3382 ipram
850 3282 960 3358 Gallia
975 3281 1238 3389 admirationem
1257 3281 1398 3374 facem,

284 3529 288 3533 ⁴
334 3437 532 3513 addendum
569 3447 620 3513 est
649 3437 815 3534 juvenem
847 3436 1024 3527 carolum,
1057 3457 1138 3510 curm
1167 3433 1400 3532 patriumsul

335 3600 481 3684 erraret,
498 3589 673 3672 interdum
695 3587 787 3686 apuu
803 3611 866 3670 nos
880 3611 962 3670 oum
982 3587 1138 3685 plurimis
1158 3587 1267 3685 putris
1281 3586 1401 3662 amieis

335 3744 471 3835 uixisse,
487 3752 688 3840 nostrosque
701 3757 829 3829 mores,
845 3741 942 3823 utile
955 3741 1082 3832 dicam,
1100 3739 1289 3816 imbibisse.
1310 3738 1401 3827 Quid

335 3898 440 3999 igitur
458 3897 585 3974 mirn'm
601 3896 642 3988 εἰς
657 3919 737 3971 oum
752 3895 786 3968 in
797 3894 960 3996 patriam,
973 3894 1077 3994 'regali
1095 3894 1299 3974 auctoritate
1312 3894 1402 3968 stib-

335 4054 447 4140 nixus,
477 4051 592 4143 rediit,
618 4060 752 4128 nostras
784 4056 876 4125 artos
894 4071 1010 4126 seeum
1030 4049 1194 4142 attulerit,
1221 4050 1249 4123 si
1271 4047 1403 4124 aulicus

367 4297 390 4346 t.
408 4295 468 4346 vide
483 4265 618 4359 Macaulap,
634 4294 734 4358 Historp
746 4293 776 4356 of
786 4291 912 4358 otorano,
925 4307 947 4342 e.
961 4304 998 4342 nr.
1049 4278 1051 4280 ’
