3234 5142
806 331 984 400 ..80-

371 511 472 578 antea
495 504 621 594 ballad,
638 513 741 602 atque
760 505 861 595 saled
880 505 985 603 (apud
999 505 1244 602 Shakspeare),
1268 509 1302 581 in
1323 511 1436 606 prima

371 653 501 753 syllaba
513 664 693 731 accentum
714 657 920 754 receperint.
1181 620 1183 623 Ι

1224 839 1386 913 Foumon.

416 987 575 1063 Nativum
603 997 784 1063 aeoentum
811 989 877 1064 hoo
902 989 1028 1079 amisit,
1050 997 1086 1063 ut
1109 989 1154 1065 ad
1172 991 1349 1065 anteriora
1369 991 1432 1065 lia

366 1165 474 1239 maye,
488 1142 620 1239 ‚inane
644 1141 826 1239 lanynaao,
846 1141 1023 1240 plumaqa,
1047 1153 1201 1239 ontraae,
1227 1150 1262 1217 et
1286 1150 1429 1234 catera,

330 1319 335 1330 ·
365 1315 438 1368 sese
452 1293 743 1369 accommodaret.

413 1531 598 1602 Cnumrun.
1186 1530 1378 1617 Qunranm.

410 1681 461 1752 Ex
476 1679 516 1751 iis
538 1678 684 1754 alterum
701 1678 871 1753 Gallicum
889 1689 1071 1754 aooeutum
1096 1679 1250 1769 retinuit,
1275 1680 1427 1754 alterum

361 1830 487 1905 amisit.
517 1831 724 1929 Campaiqn,
753 1831 824 1920 oui,
853 1831 1079 1906 vetustiorum
1106 1831 1290 1906 verborum
1323 1831 1431 1904 instar

360 1985 512 2076 Britain,
540 1984 695 2082 bannaia,
718 1985 866 2082 captain,
888 1985 1028 2070 certain,
1058 1985 1204 2074 certain,
1232 1983 1425 2070 mountain,

361 2145 524 2211 aoouutus
542 2136 577 2211 in
598 2136 711 2233 prima
730 2136 862 2235 syllaba
880 2135 1082 2234 aliquandiu
1107 2100 1285 2234 imnositus
1309 2134 1425 2210 luerat

359 2286 445 2384 (vide
475 2288 673 2386 exemplum
697 2311 717 2363 e
742 2287 904 2362 Samuele
926 2287 1047 2362 Butler
1065 2285 1243 2384 allatum),
1265 2307 1359 2360 nuno
1380 2284 1426 2360 ad

358 2441 508 2517 nativam
524 2441 798 2516 enuntiationem
814 2463 989 2516 reversum
1004 2448 1067 2516 est.
1158 2491 1161 2496 -

1175 2620 1325 2693 Bnurnn.

1174 2773 1360 2847 Calantum.

1174 2927 1354 2998 lunanum.

1173 3075 1366 3152 Gnaeusnn.

400 3230 527 3305 Omnia
540 3230 706 3320 Gallicum
723 3236 904 3304 aoooutum
921 3229 1124 3303 amiserunt.
1141 3227 1282 3318 Bratal,
1301 3212 1433 3300 carna-'

351 3383 421 3475 nal,
437 3384 595 3481 intaqral,
617 3381 662 3457 ad
685 3381 858 3457 anteriora
871 3380 972 3480 final,
991 3381 1109 3471 anatol,
1136 3367 1274 3469 mantal,
1302 3379 1413 3474 rayal,

350 3533 519 3626 cardinal,
531 3533 699 3633 corporal,
709 3534 861 3634 qeneral,
880 3535 1038 3632 hospital,
1054 3534 1208 3623 natural,
1229 3554 1302 3607 sese
1319 3540 1416 3628 apta·

348 3697 484 3763 voruut.
509 3688 688 3777 Caramal,
707 3686 799 3785 quod
820 3687 975 3762 nativum
999 3694 1180 3762 aooentum
1202 3683 1414 3760 otim‘haho-

347 3840 418 3933 bat,
441 3864 522 3916 eum
534 3863 672 3943 quoque
691 3839 819 3929 amisit,
836 3841 977 3916 molesta
989 3838 1140 3939 quadam
1155 3862 1236 3915 oum
1250 3836 1364 3912 Verbo
1377 3848 1411 3911 ta

347 4017 484 4067 caraune
519 3991 738 4082 confusione,
775 4015 855 4090 quae
881 3991 1021 4090 quidem
1057 4015 1125 4066 non
1151 3990 1246 4066 verbi
1275 3995 1410 4063 tantum

346 4144 639 4235 enuntiationem,
657 4143 716 4220 sed
736 4144 840 4220 etiam
855 4144 1145 4244 significationem
1168 4143 1217 4218 ita
1238 4140 1407 4238 eorrupit,
