3234 5142
630 457 674 470 „.
697 411 740 490 95
762 458 807 470 ..

187 590 315 666 teriora
335 584 514 679 constable,
536 585 703 686 culpalla
722 585 879 684 syllable,
896 585 1069 661 imitatum
1095 594 1168 676 est;
1196 585 1253 658 io·

185 742 385 819 oontosrulle
403 741 447 816 ad
465 741 616 817 Verbum
634 753 667 814 to
682 733 812 814 oontoot
830 735 934 837 (apud
953 736 1183 836 Shulspeure)
1202 721 1253 814 est

185 895 501 972 aommmoduum.

235 1097 355 1178 Ourna

236 1249 372 1327 Tariona

236 1399 502 1478 lum-enmono

236 1551 470 1631 Drsuneuuatn
502 1557 523 1624 ,’

237 1699 571 1781 Donata-ammona

238 1851 422 1932 Orrnurnn

239 2007 365 2082 Omnia
383 2001 513 2082 Gallico
536 2011 681 2082 aooenln
709 2011 868 2102 utuntur,
891 2003 953 2082 etsi
976 2026 1057 2081 oum
1082 2001 1257 2082 nonnullis

50 2231 54 2240 .
190 2153 301 2258 prima
320 2155 354 2233 in
370 2151 629 2232 onte-elumbem
644 2149 773 2255 syllaba
786 2161 970 2234 noeentum
988 2151 1127 2234 habeat.

240 2306 290 2386 Ex
307 2305 366 2386 illa
386 2303 573 2385 verborum
595 2302 777 2384 collatione
806 2301 972 2384 nonnulla
994 2303 1166 2384 discimus.
1183 2311 1257 2386 Sae·

190 2457 340 2562 pissime,
360 2483 440 2538 oum
458 2455 520 2536 illis
536 2455 595 2559 qni
610 2454 755 2560 Anglioo
773 2460 923 2537 sermoni
941 2455 1080 2538 student
1097 2459 1257 2561 quadam

190 2609 225 2691 in
253 2607 365 2691 verbis
390 2605 612 2688 enuntiandis
639 2607 819 2689 diversitas
844 2608 1009 2706 ooourrit,
1041 2612 1258 2713 nescioquas

190 2766 358 2844 sermonis
372 2765 505 2840 lubrica
522 2764 695 2839 mobilitas
717 2772 823 2862 atque
842 2763 1072 2839 inconstantia
1085 2755 1254 2864 arguitur,

190 2938 270 3017 qum
292 2911 444 3016 quidem,
472 2937 551 2991 mea
568 2911 751 3008 sententia,
775 2911 853 3012 plus
872 2938 973 3015 aequo
992 2909 1131 2992 obtendi
1153 2911 1238 2993 solet
1245 2943 1254 3006 ;

191 3076 252 3143 aut
269 3067 404 3143 diversa
422 3065 585 3141 similium
607 3061 790 3142 verborum
812 3063 1015 3160 enuntiatio,
1038 3061 1132 3142 nulla
1148 3060 1258 3143 inter·

148 3198 151 3203 ’
192 3220 383 3317 pretatione
408 3217 586 3318 adjuncta,
621 3217 827 3322 proponitur
850 3226 932 3294 ante
962 3217 1098 3311 oeulos3
1128 3225 1204 3311 aut,
1231 3217 1259 3292 si

192 3397 270 3471 qum
293 3372 592 3470 interpretationes
615 3376 805 3457 tentantur,
835 3391 938 3467 qrram
962 3369 1102 3445 inoertae
1129 3367 1259 3444 subsis-

191 3532 282 3600 tunt.
303 3524 477 3610 Attamen,
495 3523 522 3596 si
540 3515 651 3596 multa
667 3529 830 3620 certaque
844 3520 1256 3620 dooumeutaoollegeris,

194 3679 359 3756 nonnulla
375 3676 469 3767 inde,
489 3685 529 3749 ut
544 3677 679 3772 opinor,
700 3673 920 3772 interpretari
938 3682 1001 3750 est.
1017 3675 1091 3749 Non
1113 3673 1256 3750 dubium

192 3839 244 3908 est
263 3831 298 3904 in
310 3829 414 3904 rebus
427 3850 506 3927 quae
522 3824 565 3900 ad
581 3810 766 3900 verborum
778 3825 1052 3901 enuntiationem
1070 3825 1257 3923 pertinent,

192 3983 389 4058 insidiosam
404 3977 656 4075 obstaculisque
672 3975 815 4051 densam
838 3977 992 4076 linguam
1011 3978 1190 4077 Anglioam
1210 3978 1259 4054 vi·

192 4133 280 4223 deri,
311 4153 376 4206 neo
407 4128 594 4218 immerito,
621 4134 762 4224 utpote
788 4150 868 4225 quae
891 4149 934 4202 ex
960 4125 1060 4208 variis
1086 4127 1260 4203 dissimili-

194 4285 328 4383 busque
348 4279 541 4370 elementis,
569 4271 700 4355 seilicet
721 4279 944 4370 Germanico,
966 4279 1107 4372 Gallim,
1138 4280 1259 4376 Latino
