3234 5142
644 443 687 517 —f
712 405 769 474 ‘ibi
799 447 844 458 —

224 568 354 644 tionem
371 569 571 648 retinerent.
589 573 670 650 Mihi
685 574 790 674 igitur
811 573 947 650 videtur
967 535 1193 675 asseriposse
1205 577 1290 651 duas

214 729 332 806 ¹fuisse
361 731 559 834 praecipuas
574 733 796 836 Gallicorum·
812 733 1058 849 vocabulorum
1083 736 1118 810 in
1150 737 1290 812 Britan÷

228 891 322 966 niam
345 893 623 969 transmissorum
643 895 761 986 series,
788 917 872 994 quas
891 896 990 972 lieeat
1014 919 1216 996 eompararo
1238 899 1292 973 his

226 1052 362 1128 duobus
391 1054 574 1130 verborum
601 1078 621 1130 e
646 1055 769 1131 Latino
794 1079 954 1133 sermone
975 1056 1205 1133 deductorum
1232 1058 1291 1134 de-

225 1214 466 1315 scriptionibus
478 1215 512 1288 in
531 1215 654 1310 Gallia,
669 1239 819 1314 quorum
840 1219 950 1293 attera
972 1240 994 1292 a
1015 1218 1130 1318 vulgo,
1149 1219 1291 1294 alteraa

227 1376 336 1452 doctis
357 1377 438 1451 viris
465 1377 604 1464 inventa
620 1377 744 1454 dieitur
752 1409 763 1471 3
791 1377 826 1467 id
847 1386 911 1468 est,
940 1378 975 1452 in
998 1379 1183 1455 vetustiore
1206 1381 1293 1455 serie

227 1537 356 1613 Gallica
376 1537 544 1617 voeabula
566 1541 707 1615 omnino
734 1538 868 1638 Angliei
890 1547 1054 1615 aeoentus
1072 1540 1293 1641 Anglieaeqne

227 1699 620 1776 enuntiationis'morem
634 1698 737 1777 fuisse
750 1708 888 1791 seouta;
905 1700 941 1774 in
962 1701 1214 1802 recentiorepea
1236 1723 1291 1776 so·

228 1859 298 1936 iere
332 1860 499 1936 Gallicam
531 1861 803 1937 enuntiationem
836 1861 1075 1960 Gallioumque
1109 1866 1290 1938 accentum

228 2022 433 2120 plerumque
451 2007 630 2098 adbibere.

277 2185 321 2260 Ut
345 2184 464 2276 liceat,
490 2207 559 2284 quo
583 2193 677 2262 certo
700 2186 865 2286 temporis
887 2185 1086 2263 discrimine
1117 2187 1183 2261 ittae
1213 2187 1292 2261 duaa

228 2356 346 2423 aetates
369 2347 660 2438 internoscantur,
685 2348 830 2435 novisse,
853 2370 990 2424 neeesse
1011 2348 1056 2424 sit
1072 2348 1191 2424 omnia
1209 2349 1291 2424 Gal-

226 2508 292 2584 lica
309 2508 425 2600 verba,
449 2531 527 2607 qum
546 2507 580 2582 in
601 2509 815 2584 Britanniam
838 2511 1141 2610 transmigrarunt,
1157 2533 1290 2609 suppu-

228 2680 314 2763 tare,
330 2671 438 2769 iisque
457 2692 630 2770 apponere
649 2671 756 2747 multa
775 2671 935 2768 uariaque
950 2672 1121 2769 exempla,
1138 2695 1289 2770 quorum

226 2856 305 2935 ope,
320 2834 398 2933 quis
420 2831 522 2908 fuerit
539 2841 716 2924 accentus,
733 2856 812 2931 quae
829 2833 1032 2924 enuntiatio,
1049 2832 1094 2908 ab
1109 2833 1240 2933 origine
1256 2843 1292 2910 et

227 2996 262 3070 iu
283 2995 377 3071 omni
394 2994 556 3092 temporis
571 2994 814 3092 perpetuitate,
831 2994 1088 3092 comprobetur.
1114 2996 1199 3084 Quas
1215 2995 1291 3092 qui·

227 3157 306 3235 dem
320 3157 518 3257 supputatio
532 3157 674 3232 omniuo
688 3156 796 3241 deest,
817 3157 851 3230 in
866 3178 975 3254 eaque
994 3154 1176 3232 efficienda
1189 3180 1291 3230 sum-

230 3343 307 3395 mus
327 3320 369 3394 sit
388 3319 498 3395 labor.
516 3319 607 3410 Quid
632 3341 712 3394 rem
735 3319 858 3395 melius
883 3326 988 3416 queat
1009 3317 1113 3391 rebus
1136 3317 1290 3394 obscuris

225 3483 336 3558 luoem
365 3480 461 3575 dare,
484 3488 588 3578 atque
608 3479 746 3578 saepius
765 3478 858 3555 uude
877 3479 935 3552 ilia
956 3479 1108 3576 Angtioaa
1130 3480 1290 3555 enuntia-

226 3644 311 3720 tioni
329 3641 566 3720 dissimilitudo
586 3643 694 3717 inesse
708 3642 877 3733 videatur,
894 3639 1096 3717 ostenderet

278 3802 329 3879 dd
343 3827 420 3879 eam
444 3826 518 3878 rem
534 3803 701 3879 haetenus
719 3802 920 3877 intentatam
932 3823 999 3901 ego
1015 3823 1157 3899 operam
1177 3823 1290 3876 meam

230 3963 480 4042 modestissime
496 3963 650 4055 adhibui,
673 3963 818 4039 nimium
836 3962 917 4039 ialin
932 3963 961 4037 si
974 3962 1094 4039 saitem
1109 3962 1185 4037 aliis
1199 3963 1290 4037 viam

231 4125 443 4224 sequendam
467 4126 840 4223 demonstrarauuam
865 4146 907 4199 eo
926 4122 1069 4199 tendere
1087 4123 1290 4223 longiusque

231 4287 406 4385 inquirere
428 4287 508 4362 utito
532 4287 574 4362 sit
592 4286 730 4380 dooere,
749 4309 790 4362 ao
811 4285 952 4362 demum
975 4285 1020 4360 ad
1034 4285 1292 4361 instaurandam
