3234 5142
742 1312 926 1394 CAPUT
974 1311 1030 1390 lV

802 1559 969 1606 conclusio

402 1842 531 1939 Cuique
555 1863 629 1916 rem
647 1840 681 1912 iu
701 1840 899 1913 uuiversum
920 1838 1102 1912 aeslimauli
1124 1838 1232 1935 liquet
1253 1837 1421 1934 pleraque

353 2025 373 2078 e
389 2001 561 2077 vocabulis
578 2001 731 2093 Gallicis,
751 2024 830 2098 quee
850 2023 871 2075 a
889 2000 1047 2074 Iohanne
1066 1999 1204 2097 Drydeu
1226 1998 1261 2071 iu
1284 1998 1422 2072 Brileu-

356 2163 449 2236 niam
469 2161 608 2237 luerunt
632 2161 807 2241 [ramlera.
825 2169 901 2235 tum
919 2161 953 2234 iu
973 2168 1131 2251 accentu,
1151 2169 1225 2234 lum
1251 2160 1285 2232 iu
1310 2182 1423 2234 euuu-

355 2323 496 2398 tiutioue
509 2323 677 2398 Gallicam
691 2322 840 2420 speciem
855 2345 896 2397 ee
911 2321 1059 2396 formam
1074 2322 1180 2396 eliam
1197 2344 1290 2396 nune
1302 2343 1375 2419 prae
1388 2343 1424 2394 se

359 2483 507 2576 lerre‚el
525 2482 667 2558 minime
687 2482 918 2557 dubilaudum
933 2493 984 2558 est
1001 2483 1085 2580 quin
1106 2484 1188 2558 ilem
1201 2482 1304 2558 luerit
1317 2482 1360 2557 de
1384 2479 1426 2553 iis

359 2645 483 2744 quibus
499 2645 575 2744 ejus
587 2647 736 2744 equales
747 2657 825 2720 sunl
842 2646 1063 2745 usilemjam
1078 2669 1119 2723 ex
1133 2668 1253 2722 eurum
1263 2643 1426 2743 operibus

362 2806 531 2881 adducere
554 2830 694 2904 possum
724 2807 849 2894 ulcere,
874 2809 1011 2882 edicuue
1033 2807 1140 2906 (apud
1164 2809 1328 2904 Burnet);
1360 2807 1427 2880 bri·

362 2968 460 3064 qude,
477 2968 611 3065 parade
627 2967 733 3068 (apud
757 2969 905 3064 Milone
925 2951 1057 3066 parole,
1085 2970 1202 3066 patrol
1221 2968 1325 3066 (apud
1342 2969 1428 3042 Bul-

364 3128 447 3228 rum
471 3127 780 3227 renueuuuuou
796 3152 890 3204 nuno
907 3129 959 3204 200
977 3130 1168 3230 iulnglico
1182 3137 1246 3221 eu,
1262 3153 1282 3206 e
1296 3106 1427 3206 mireo

366 3254 517 3364 lanum
534 3289 636 3388 (apuu
655 3289 853 3386 suauweu).

415 3450 515 3525 Haud
535 3450 692 3548 equidem
715 3450 893 3526 affirmare
914 3452 1024 3527 ausim
1047 3476 1115 3528 non
1138 3453 1299 3560 eamdem
1325 3476 1430 3530 roue-

367 3611 540 3704 hulmum,
563 3634 641 3708 quee
661 3620 741 3687 aule
758 3612 942 3709 septimum
961 3614 1134 3689 decimum
1154 3616 1319 3690 saeeulum
1336 3615 1429 3714 apud

368 3772 496 3870 Auglus
516 3772 657 3847 iuduere
675 3782 767 3864 sunt,
788 3796 1039 3873 nonuunquam
1055 3776 1157 3851 luisse
1179 3776 1429 3867 conditionem,

249 3959 251 3963 ·
366 3933 524 4032 quemvis
547 3933 690 4010 minime
704 3935 911 4029 existimem,
933 3938 960 4010 si
982 3939 1085 4014 modo
1106 3950 1222 4014 vetere
1243 3895 1316 4037 jam
1341 3939 1431 4013 ultra

368 4101 502 4170 serlum
524 4094 768 4194 decimumque
793 4099 954 4173 saeeulum
977 4110 1189 4198 reperentur,
1215 4101 1248 4176 id
1268 4101 1432 4177 accidisse

370 4265 407 4331 ul
421 4255 523 4331 verbe
544 4281 612 4331 unu
628 4258 796 4332 Gallicum
813 4270 993 4336 uceeuluru
1009 4262 1242 4361 Gallicamque
1265 4265 1430 4341 euuulie-
