3234 5142
781 443 958 512 „pp-

336 614 508 690 scribendi
525 638 634 714 genus
654 636 721 689 non
741 614 951 705 tractaverit,
974 614 1108 712 poetico
1131 613 1306 710 solutoque
1325 633 1395 686 ser·

338 789 441 841 mone
456 766 669 857 inclaruerit,
681 765 879 864 tragoedias,
895 765 1098 857 comoedias,
1115 764 1250 841 fabulas
1267 764 1399 839 musico

337 924 505 1016 apparatu
527 916 743 993 exornandas
757 918 943 1027 scripserit,
965 916 1008 994 dc
1023 917 1126 993 rebus
1135 917 1280 1015 publicis
1294 915 1401 992 disse·

338 1070 461 1160 ruerit,
479 1077 636 1146 veterum
653 1068 808 1144 carmina
825 1092 866 1145 ac
879 1028 1186 1145 variareccntium
1205 1030 1400 1166 temporum

339 1244 444 1319 opera
457 1222 493 1295 in
518 1222 701 1323 Anglicum
722 1222 877 1317 verterit,
898 1221 1029 1326 primus
1051 1219 1124 1297 lere
1151 1221 1291 1297 criticus
1308 1220 1399 1318 apud

339 1373 430 1448 nives
448 1396 528 1448 suos
550 1373 729 1464 exstiterit,
747 1381 781 1450 et
800 1375 992 1472 prasertim
1007 1373 1094 1451 adeo
1118 1372 1262 1447 eximios
1278 1371 1402 1472 lyricos

339 1534 373 1602 et
388 1525 553 1627 satyricos
571 1547 689 1605 versus
710 1526 956 1633 composuerit,
982 1534 1035 1620 ut,
1061 1525 1219 1627 quamuis
1240 1524 1340 1600 multi
1362 1544 1403 1598 ea

339 1678 510 1761 scribendi
529 1699 660 1787 genere
682 1700 812 1777 magun
832 1676 949 1762 levore
970 1687 1048 1785 post
1065 1679 1163 1761 illum
1180 1676 1400 1767 tentaverint,

275 1912 277 1916 Α
341 1830 456 1912 adhuc
474 1830 558 1913 nulli
572 1830 745 1915 socundus
758 1853 832 1915 esse
849 1830 1075 1916 existimetur.

378 1984 475 2083 'Quis
492 2005 586 2071 vero,
607 1966 769 2069 attentius
798 2006 854 2069 me
882 2005 924 2069 ee
938 1983 1405 2083 exploranteminvestigan-

338 2144 483 2239 terraque
498 2142 649 2233 secutus,
665 2157 742 2219 carn
762 2157 907 2240 operum
925 2135 1125 2219 varietatem
1145 2135 1403 2219 maximaemilri

348 2286 482 2370 utilitati
502 2285 603 2371 luisse
620 2308 689 2369 non
708 2284 888 2387 intelliget,
914 2307 995 2369 cum
1015 2286 1211 2371 possesio
1229 2285 1407 2369 dissimiles

345 2435 482 2513 dicendi
498 2436 626 2516 formos
637 2436 801 2529 induerit,
818 2444 852 2521 ct
867 2438 1045 2537 ingentem
1053 2437 1239 2521 uerborum
1251 2437 1407 2539 praebuc·

347 2581 392 2653 rit
422 2578 679 2655 diversitatem?
714 2580 921 2655 ledendum
953 2589 1003 2656 est
1034 2589 1211 2660 auctorem
1251 2589 1407 2656 nostrum

348 2732 457 2809 multa
481 2732 613 2838 poetice
645 2732 896 2837 composuissc3
920 2756 990 2839 quo
1009 2731 1049 2807 nt
1073 2742 1125 2821 ut,
1146 2741 1221 2811 tum
1246 2755 1406 2809 versuum

347 2882 501 2963 numeris
521 2882 611 2959 inter
638 2906 675 2959 so
704 2883 985 2985 consonantium,
1011 2907 1091 2960 cum
1117 2884 1326 2985 syllabarum
1343 2906 1409 2985 'ac-

349 3042 472 3124 oontu,
508 3056 578 3131 quo
616 3058 733 3111 versus
768 3035 903 3135 Anglici
940 3036 1015 3140 regi
1046 3037 1171 3148 solent,
1209 3036 1324 3134 [multa
1367 3035 1411 3111 de

350 3209 472 3263 eorum
502 3185 702 3277 verborum,
736 3186 862 3287 quibus
894 3209 975 3262 usus
994 3195 1058 3279 est,
1084 3186 1321 3266 enuntiatione
1349 3186 1412 3262 dc-

352 3359 508 3415 ceamur.

344 3468 347 3475 ¹
400 3491 435 3567 Si
448 3491 504 3569 cui
517 3489 606 3575 forte
619 3491 653 3565 in
669 3490 786 3565 animo
799 3498 886 3566 esset
900 3490 944 3565 de
958 3488 1113 3591 qualibet
1126 3490 1295 3565 sermonis
1307 3489 1414 3565 nostri

352 3649 453 3719 aetate
483 3643 663 3733 disserere,
680 3664 763 3717 sane
789 3640 921 3716 facilior
945 3640 1044 3716 labor
1072 3648 1172 3733 esset,
1202 3640 1333 3740 quippe
1356 3639 1413 3715 cui

354 3816 482 3892 magno
494 3802 606 3870 essent
623 3793 750 3869 auxilio
778 3793 1071 3879 excellentissimae
1083 3792 1267 3867 verborum
1288 3791 1415 3868 collec-

352 3946 478 4035 tiones,
502 3951 537 4020 ct
562 3943 647 4019 illud
677 3945 867 4043 praesertim
893 3944 1150 4043 locupletissimi
1182 3944 1332 4021 auctoris
1360 3941 1413 4043 (1)

353 4118 518 4197 magnum
544 4118 738 4206 opusque
764 4097 856 4174 vocis
881 4096 1049 4204 cujusque
1075 4096 1255 4173 historiam
1277 4095 1322 4169 ab
1340 4096 1414 4195 ipso

427 4337 511 4387 Littro.
