3234 5142
790 369 835 382 ..
858 321 902 400 94
926 367 968 380 ..

356 500 593 576 tantummodo
614 500 639 572 si
663 508 701 574 ut
714 499 866 576 Verbum
890 499 1098 596 adhibetur3
1115 501 1143 574 si
1162 508 1199 574 ut
1216 499 1364 591 Nomen,
1384 500 1418 587 in

357 653 503 751 primam
544 651 708 750 syllabam
737 673 817 724 eum
847 661 1018 742 removet,
1053 651 1243 731 seeundum
1275 650 1422 750 anglice

355 801 603 879 enuntiationis
623 803 733 902 legem
756 826 836 902 quae
857 813 958 877 antea
978 810 1095 878 notata
1115 801 1196 877 fuit.
1216 800 1301 877 Vide
1318 823 1421 900 supra

355 968 515 1030 contrust.
542 997 591 1012 -
604 954 759 1030 Attitude
777 954 822 1030 ad
836 954 1012 1033 anteriore
1028 955 1205 1029 multimode
1226 963 1263 1030 et
1283 953 1421 1028 altitude

356 1109 517 1208 (quorum
536 1107 705 1206 posterius
719 1116 769 1183 est
790 1106 881 1205 apud
897 1105 1123 1204 Sbakspearel
1138 1128 1175 1182 se
1189 1107 1333 1203 aptarit.

402 1313 538 1390 Rnnurr

402 1467 537 1543 narmi

401 1619 571 1693 Gallicum
589 1625 772 1692 aooeotum
792 1618 1020 1694 retinuerunt.
1036 1616 1121 1692 Vide
1136 1636 1243 1714 snpra
1256 1617 1416 1693 remouit.

402 1823 540 1896 Portuno

402 1975 568 2063 Quamvis
590 1972 673 2049 olim
698 1981 881 2056 uocantum
901 1973 936 2046 io
959 1972 1073 2070 prima
1094 1961 1224 2072 syllaba
1242 1969 1419 2061 habuerit,

357 2126 401 2203 ad
418 2124 567 2202 nativam
587 2123 863 2203 enuntiationem
882 2143 974 2200 nouo
994 2119 1106 2201 rediit.

1100 2391 1103 2397 .
1179 2333 1363 2407 erounu

1175 2484 1347 2557 Pamuunn

1178 2634 1374 2710 Mlnmruur

402 2783 571 2860 Gallicum
591 2792 772 2860 autentum
788 2783 992 2876 amiserunt,
1011 2783 1205 2883 similiaque
1219 2786 1323 2861 rerba
1341 2786 1423 2859 imi-

353 2943 424 3011 tata
441 2945 533 3011 suut.
550 2935 635 3012 Vide
651 2959 755 3034 supra
765 2936 954 3034 yroudeur.

399 3089 615 3178 Nummio,
648 3095 833 3185 antequam
864 3086 969 3186 hujus
996 3085 1204 3162 recensionis
1228 3083 1333 3164 finem
1362 3090 1421 3166 la-

244 3280 247 3284 ·
350 3235 454 3331 olam,
479 3235 647 3316 addenda
673 3247 754 3314 sunt
783 3237 957 3314 nonnulle
973 3258 1073 3314 voees
1090 3247 1253 3316 exeuntes
1271 3239 1305 3314 in
1331 3240 1363 3315 le
1380 3265 1428 3338 or

351 3418 401 3484 re,
426 3391 650 3468 antecedente
672 3413 836 3481 consona,
862 3415 948 3490 quas
972 3391 1342 3490 disjurrotim'traotare
1365 3393 1420 3468 viu

352 3517 537 3616 potuerim.

401 3721 523 3798 Forum
1104 3725 1260 3802 Paruum
1348 3712 1352 3721 ⁸

1102 3877 1369 3955 lucomrsrmnr

400 4031 451 4103 Ex
467 4024 508 4102 iis
523 4026 674 4124 primum
690 4025 820 4100 Galliae
834 4034 1017 4102 noeentum
1033 4027 1070 4101 iu
1091 4030 1200 4127 prima
1213 4032 1345 4132 syllaba
1363 4055 1419 4108 re·

352 4179 452 4278 oipit;
466 4175 617 4278 puyodlo
629 4185 746 4252 autem
766 4176 802 4251 in
818 4151 1106 4275 antepenultima,
1127 4181 1220 4280 qued
1234 4182 1327 4257 euim
1346 4205 1416 4258 an-
