3234 5142
335 563 439 638 etiarn
459 569 493 638 et
508 563 643 650 Graeco,
661 560 766 640 luerit
778 558 978 637 informata.
992 562 1040 636 Ne
1053 583 1074 635 a
1087 561 1216 636 Gallico
1229 561 1402 638 elemento

336 713 522 812 digrediar,
544 713 637 812 quod
659 736 774 790 meum
800 711 987 789 disserendi
1006 722 1251 813 argumentum
1275 722 1339 803 est,
1360 738 1403 790 eo

338 865 449 964 major
468 865 593 963 saepius
625 874 675 940 est
698 864 943 963 interpretandi
967 855 1170 957 difficultas,
1193 867 1285 964 qnod
1311 890 1409 941 nun-

340 1040 518 1114 nunquam
531 1017 623 1093 idem
638 1017 780 1094 verbum
794 1017 1032 1093 oum'dirersis
1044 1016 1164 1092 formis
1180 1017 1277 1118 nobis
1288 1028 1384 1124 osten

339 1169 446 1262 ditur,
471 1193 584 1269 neque
608 1167 708 1244 facile
727 1168 930 1269 intelligitur
954 1168 1046 1245 unde
1066 1168 1126 1243 liat
1146 1169 1284 1245 utillud
1305 1195 1409 1247 eanr-

340 1320 423 1396 dum
438 1321 595 1395 babitum
616 1343 684 1395 non
705 1343 843 1419 semper
860 1320 1020 1419 retineat.
1052 1321 1088 1396 Si
1114 1345 1196 1397 vero
1219 1323 1408 1400 attenderis

342 1471 428 1563 illas,
456 1496 532 1571 quae
554 1472 588 1546 in
612 1472 827 1547 Britanniam
841 1482 1086 1569 pervenerunt,
1104 1481 1270 1549 nostrates
1291 1496 1406 1566 voees,

237 1685 247 1696 .
344 1646 412 1698 non
439 1647 560 1700 omnes
589 1624 711 1700 eodem
745 1633 900 1724 ternpore
925 1626 1197 1722 transmigrasse,
1227 1627 1411 1722 serupulus

345 1775 418 1850 lero
430 1775 542 1850 omnis
555 1775 699 1866 tollitur,
715 1784 926 1874 apparetque
944 1776 1042 1851 nobis
1062 1799 1128 1860 non
1147 1800 1252 1850 unam
1272 1799 1407 1861 vocem,

346 1927 404 2002 sed
439 1928 551 2024 potins
577 1928 663 2003 duas
686 1951 798 2018 voees,
827 1937 908 2004 ante
931 1929 1049 2003 oeulos
1071 1929 1258 2018 obversari,
1277 1927 1412 2026 origine

347 2079 487 2177 quddam
509 2078 647 2170 similes,
669 2080 729 2154 sed
753 2079 932 2155 dissimiles
951 2089 1065 2154 aetate.
1088 2080 1140 2153 Ad
1162 2081 1228 2156 boe
1249 2102 1412 2177 eompre-

342 2215 526 2321 ¹lmndnm,
556 2228 719 2302 nonnulla
764 2251 876 2317 nuno,
911 2252 989 2326 quae
1025 2227 1163 2328 Drydan
1202 2229 1411 2318 introdusit,

350 2404 429 2456 oum
452 2379 683 2454 anterioribus
712 2379 824 2454 verbis
849 2401 1069 2478 componam,
1095 2404 1114 2454 e
1137 2379 1260 2476 quibus
1284 2379 1415 2454 videbis

351 2531 525 2631 quomodo
545 2531 635 2611 idem
663 2531 807 2607 verbnm
827 2530 938 2605 varios
956 2531 1058 2605 variis
1078 2531 1233 2605 aetatibus
1255 2539 1419 2605 aooentus

351 2685 511 2762 induerit.

402 2840 450 2911 En
464 2837 591 2935 duplici
606 2835 726 2912 ordine
740 2835 958 2928 distribuam,
973 2835 1224 2911 recentioribus
1236 2835 1270 2908 in
1291 2834 1416 2931 primo,

274 3087 275 3092 Ν
354 2989 583 3064 anterioribus
599 2989 633 3062 in
648 2987 800 3064 secundo
815 2989 888 3062 loeo
903 2987 1090 3087 productis.

431 3269 657 3351 Ambnsea'de
822 3266 1003 3351 Am'bush.

346 3417 350 3426 ’
433 3417 689 3526 Complaisan't
823 3423 1011 3502 Plea'sant.

434 3573 580 3656 Amon'r
826 3575 1084 3655 Toena'mour.

436 3727 602 3831 Aprupo's
825 3727 1003 3830 Pur'pose.

438 3878 569 3960 Guitar'
827 3881 987 3960 Git'tern.

440 4030 605 4110 Conran't
831 4033 1006 4114 Cur'rent.

442 4185 623 4264 Rondeard
831 4187 1012 4265 Roun'del.
