3234 5142
686 356 863 426 ...85-

251 530 308 606 ille
323 529 484 605 tubarum
503 536 563 602 aut
578 536 823 627 tympanorum
842 549 947 603 sonus
959 550 1029 626 que
1044 527 1158 625 prima
1171 528 1230 602 lux
1244 529 1318 602 uri-

250 678 366 754 litibus
401 679 600 772 nuntiatur)
628 677 750 754 eodum
779 688 925 754 accentu
966 673 1036 776 quo
1068 682 1184 754 reueal
1210 681 1315 778 (apud

251 831 482 931 Shakspeare)
500 832 619 923 utitur,
645 831 740 929 quasi
755 854 797 906 ex
819 853 860 907 ee
873 840 934 906 aut
949 853 969 907 e
987 830 1088 906 simili
1107 832 1213 926 verbe
1230 855 1317 931 pre-

249 984 393 1060 duetum
408 983 544 1060 fuerit¹.
556 983 752 1060 Notandum
767 990 946 1060 esttamen
960 983 1052 1060 idem
1067 983 1212 1090 verbum
1225 984 1315 1083 apud

249 1135 473 1211 Arueriaauos
490 1136 590 1234 (teste
604 1135 776 1235 Webster)
798 1142 981 1211 accentum
999 1134 1034 1208 in
1053 1116 1173 1210 ultima
1186 1136 1315 1236 syllaba

250 1287 391 1379 habere,
409 1295 444 1362 ut
459 1260 845 1388 debuueheejrteassee,
857 1296 889 1363 et
906 1295 1044 1363 caetera.
1060 1287 1182 1363 Nescio
1197 1258 1241 1362 an
1256 1287 1314 1364 hie

249 1439 336 1515 terte
350 1441 493 1538 antiqua
507 1440 668 1540 quaedam
686 1440 790 1541 hujus
804 1440 898 1517 verbi
918 1431 1110 1517 enuntiatio
1128 1432 1286 1537 supersit.

295 1647 478 1720 Euerurrra.

298 1799 510 1875 Vorurrrarra.

294 1951 503 2026 Brrvaurrarr.

295 2106 509 2181 Curaassrur.

295 2249 466 2334 Gallicum
480 2251 662 2335 aeaentum
681 2254 823 2333 habeut.
846 2257 932 2331 item
947 2264 998 2331 est
1010 2254 1053 2330 de
1081 2229 1083 2234 ¹

229 2491 234 2536 1
265 2553 267 2558 ,
293 2475 444 2550 Ruraara

231 2681 237 2690 ·
294 2627 504 2701 Baetraurr.

229 2835 235 2846 .
293 2773 518 2854 Rrroaurura.

246 2930 308 3004 etsi
331 2931 487 3006 nonnulli
503 2931 717 3007 anteriorum
737 2929 868 3027 chapel,
885 2928 991 3016 curel,
1011 2927 1102 3018 libel,
1118 2934 1154 3002 et
1171 2925 1314 3024 quarrel
1345 2919 1348 2924 ’

235 3080 365 3172 instar,
386 3084 508 3182 primae
522 3083 557 3158 in
571 3081 680 3172 ruetle
692 3082 829 3182 syllabae
837 3087 1023 3156 'accentum
1041 3078 1233 3174 impanent.

1006 3296 1214 3369 Derrarucr.

1006 3446 1237 3521 Purraaaucr.

1006 3598 1262 3671 luraarrurruerr.

297 3755 458 3830 Nativum
478 3764 660 3830 accentum
677 3753 882 3846 amiserunt,
902 3751 1087 3826 vetustiora
1107 3737 1313 3835 ia'uoeurca

248 3903 449 4005 pea'tr'leuce,
460 3902 663 4004 peu'itenaa
677 3901 919 4005 imperauerat,
937 3901 1026 3977 ultro
1039 3889 1179 3976 secuta

279 4185 312 4306 tt.
330 4187 446 4308 Nenalrrlli
458 4187 524 4239 idem
535 4189 639 4239 verbum
658 4190 755 4264 duabus
769 4191 867 4238 tantum
879 4184 978 4250 syllabis
992 4182 1132 4245 enuntiant,
1146 4179 1217 4245 quasi
1231 4177 1313 4229 scribe

226 4287 230 4294 .
250 4271 277 4306 re
290 4269 319 4306 ur
331 4271 396 4309 rever
411 4295 416 4310 .
