3234 5142
769 295 949 370 .-78-

327 489 401 546 sese
424 468 624 562 habuerint,
644 491 686 546 aa
712 487 789 568 qua
816 471 954 570 Drydan
977 469 1167 548 introduxit
1191 469 1225 546 iu
1246 469 1397 575 alivarsas

327 621 434 698 serias
466 621 645 713 distribui,
674 630 709 700 et
732 630 806 698 tum
830 645 851 700 a
875 620 1125 699 terminationis
1148 621 1393 715 similitudine,

326 781 403 852 urm
425 773 666 874 asyllabarum
689 797 850 866 numere,
874 773 1050 854 collocari.
1066 773 1213 850 Facilius
1231 774 1279 865 ite
1294 773 1396 849 dissi-

327 926 422 1004 milia
435 933 537 1006 aetele
555 926 724 1009 voeabula
742 927 836 1006 iuter
847 951 887 1004 ae
900 908 1164 1028 componentur.

374 1113 479 1189 Pare.
505 1153 508 1159 ·

373 1267 462 1340 Cum
476 1267 541 1342 hae
557 1289 639 1344 vore
651 1268 789 1367 Dryden
810 1267 942 1366 paelice
959 1288 1029 1342 non
1050 1268 1093 1342 sit
1108 1291 1202 1358 usus,
1218 1290 1290 1385 qun
1308 1290 1391 1342 aum

325 1426 470 1492 accentu
497 1441 576 1493 earn
601 1419 801 1494 enuntiaret
830 1418 915 1492 nihil
946 1418 1129 1511 norimus3
1161 1419 1220 1496 sed
1246 1419 1393 1494 minime

323 1567 556 1670 dubitandum
577 1591 649 1646 esse
675 1558 903 1646 videtuream
928 1570 1098 1646 Gallicum
1122 1578 1304 1646 noeentum
1329 1569 1395 1645 ha-

327 1719 454 1810 buisse,
469 1744 573 1819 quem
590 1744 683 1806 iruna
703 1722 841 1797 retinet.

374 1899 512 1974 Arrana

320 2064 323 2069 ’
373 2048 564 2124 Accenturn
596 2049 765 2125 Gallicum
793 2050 946 2126 habehat
973 2059 1006 2126 et
1031 2049 1157 2139 habet,
1185 2072 1298 2147 neque
1327 2049 1395 2124 hue

315 2200 539 2292 mirandum,
566 2224 646 2276 cum
676 2225 746 2277 nnn
771 2202 885 2276 solnm
905 2201 1059 2277 anterius
1083 2202 1208 2291 attach,
1231 2200 1290 2276 sed
1310 2220 1393 2297 per-

326 2353 433 2427 multa
465 2375 602 2451 qunque
638 2353 706 2428 alia
732 2354 838 2429 verba
870 2354 998 2429 imitari
1033 2353 1175 2429 deberet
1205 2351 1394 2450 inquibus

311 2504 555 2602 ¹praeverbium
565 2530 599 2598 a,
612 2505 761 2604 quadam
775 2507 909 2607 Anglici
922 2507 1091 2582 mamonis
1101 2507 1194 2605 lege,
1210 2527 1390 2603 nunqnam

309 2659 508 2734 'accentum
527 2659 659 2756 recipit.
682 2658 812 2736 Confer
830 2663 947 2760 nynia,
967 2661 1113 2760 nquinat,
1135 2683 1253 2756 away,
1275 2659 1390 2748 about,

309 2810 435 2907 'abida
451 2813 743 2914 affriqhmliqht,
757 2816 858 2906 uriae,
878 2822 911 2890 at
926 2821 1064 2890 cratera.
1082 2813 1132 2888 Ad
1152 2812 1241 2888 hane
1253 2835 1394 2910 qunque

325 2971 436 3068 legem
459 2969 647 3045 vetustiora
669 2976 785 3042 nostra
809 2967 978 3043 voeabula
997 2989 1070 3042 sese
1094 2937 1310 3064 aptaverant,
1329 2987 1390 3039 ex·

325 3121 428 3219 empli
442 3120 567 3218 gnatia,
580 3117 718 3216 affront,
730 3129 884 3206 account,
898 3117 1031 3206 accord,
1042 3088 1194 3214 appellat,
1207 3114 1391 3213 approach,

325 3289 482 3370 appensa
500 3272 651 3370 acquire,
674 3271 800 3360 arrivs,
820 3271 942 3363 atteia,
960 3270 1072 3356 attiae,
1088 3278 1123 3344 et
1134 3271 1290 3344 emtera¹.
1314 3240 1316 3245 Ι

375 3441 543 3526 Garunna.

373 3576 411 3650 ln
429 3575 551 3648 ultime
571 3573 702 3674 syllaba
721 3581 904 3650 accentum
919 3573 1057 3672 recipit3
1076 3573 1392 3649 uetustiora-eutem

325 3750 474 3816 menaea,
490 3724 764 3824 urrinnandane,
783 3725 817 3799 in
833 3725 958 3823 prima.

306 4023 309 4032 ⁴
358 4035 381 4086 l.
400 4037 536 4096 omniane,
548 4041 572 4086 at
583 4049 637 4098 quae
646 4040 792 4098 sequuntur,
801 4035 936 4086 vetustiora
948 4036 1034 4096 verba,
1046 4037 1072 4084 in
1080 4034 1227 4084 dictionario
1238 4037 1303 4096 qnod
1313 4032 1391 4084 namr-

326 4120 401 4157 mann
414 4109 491 4158 edidit
509 4109 618 4170 reperire
635 4111 685 4168 esl;
702 4109 785 4157 omnia
800 4108 876 4171 igitur
896 4111 953 4157 ante
972 4107 1207 4158 sextumdecimum
1227 4108 1344 4157 saeeulum
1365 4107 1390 4156 in

327 4181 477 4231 Britanniam
488 4184 659 4242 pervenerunt.
780 4241 782 4244 Ι
812 4236 815 4242 ¹
