3234 5142
769 393 947 464 -76-

377 559 451 633 Non
489 557 570 636 inde
602 561 762 660 colligere
785 573 837 638 cst
866 587 909 641 ea
933 568 1103 668 ‘vocabola
1127 569 1200 644 sola
1226 571 1392 646 lobannis

329 711 468 810 Dryden
487 719 691 795 auctoritate
705 721 797 819 apud
815 745 894 796 snos
911 723 1090 799 adsciscita
1108 724 1226 819 luisse,
1248 749 1312 802 nec
1326 727 1392 803 lec

327 874 439 940 torem
459 871 636 968 praeterire
653 873 763 969 potuit
777 897 884 973 quam
901 876 1022 966 multa,
1038 901 1114 976 quae
1132 878 1262 977 exejus
1278 881 1389 978 operi-

327 1020 392 1093 bus
414 1021 526 1113 attuli‚
549 1021 592 1096 ab
616 1023 690 1098 aliis
708 1039 845 1124 quoqne
867 1027 1023 1126 ejusdem
1041 1029 1151 1105 aetatis
1172 1033 1392 1130 scriptoribus

328 1169 457 1246 luerint
477 1172 644 1249 adbibita.
665 1176 749 1265 Quis
768 1200 851 1253 vero
873 1201 954 1254 cum
973 1181 1148 1257 affirmare
1166 1182 1302 1260 dubitet
1316 1209 1392 1261 ma-

322 1321 400 1420 jore
420 1323 453 1397 in
472 1324 512 1398 iis
527 1325 730 1424 adoptandis
740 1333 943 1408 anctoritate
956 1333 1101 1410 valuisse
1113 1358 1218 1434 qnam
1232 1337 1391 1437 plerique

325 1475 506 1552 voluerunt
522 1479 581 1576 qui
600 1480 640 1554 iis
653 1483 867 1582 temporibus
883 1485 1104 1562 scribebant?
1120 1490 1238 1589 Neque
1249 1491 1387 1591 Dryden

324 1635 510 1712 studiosius
525 1658 632 1736 quam
646 1637 748 1737 ipsius
762 1638 913 1736 aequales
933 1645 1067 1715 nostros
1082 1640 1218 1718 dicendi
1231 1667 1312 1718 usus
1330 1667 1390 1743 ep·

324 1791 461 1889 petiisse
479 1790 547 1866 dici
572 1799 700 1888 potest;
725 1792 784 1867 sed
808 1814 851 1868 eo
872 1793 1112 1869 notabiliorem
1137 1818 1210 1872 esse
1228 1795 1389 1876 crebram

323 1945 413 2045 apud
432 1969 511 2022 eum
536 1968 701 2023 novorum
721 1946 909 2022 verborum
930 1948 1189 2047 usurpationem
1214 1951 1292 2052 quis
1316 1975 1386 2029 non

322 2100 510 2200 intelligat?
519 2099 576 2189 lt,
586 2109 727 2200 propter
737 2101 813 2194 has,
826 2125 913 2201 quas
924 2111 1026 2179 antea
1039 2103 1160 2181 ordine
1174 2107 1383 2206 exprompsi,

322 2277 454 2350 causas,
473 2255 507 2329 in
530 2255 675 2331 Galliam
699 2255 817 2331 oculos
835 2255 1001 2348 vertebat,
1022 2257 1171 2356 satisque
1189 2282 1252 2358 per
1272 2283 1308 2336 sc
1328 2283 1383 2354 ea,

321 2409 448 2507 quibus
475 2433 557 2484 usus
575 2419 638 2502 est,
660 2410 840 2505 vocabula,
866 2412 1051 2488 ostendunt
1075 2413 1201 2513 quibus
1226 2413 1260 2488 in
1286 2413 1389 2490 rebus

321 2585 405 2660 gens
420 2573 536 2638 nostra
549 2565 679 2639 alienas
693 2573 811 2665 gentes
823 2564 865 2640 ad
879 2565 1120 2642 imitatandnm
1134 2567 1303 2644 incitaret.
1319 2569 1388 2642 Nos

253 2759 254 2764 Ν
321 2717 414 2804 eninr
440 2717 545 2792 ermis
564 2728 639 2803 tum
667 2720 885 2817 prevaluisse
913 2728 1082 2795 testantur
1102 2720 1228 2813 uttoclr,
1254 2705 1384 2812 detecto,

320 2870 483 2961 recedet,
511 2871 724 2980 umboscao'e,
757 2871 923 2964 encelade,
957 2872 1171 2965 conouoodo,
1197 2855 1383 2967 carracedo,

314 3021 487 3122 pulsando,
512 3023 764 3117 commendant,
787 3025 956 3122 copiosor,
981 3025 1165 3114 voluntem,
1191 3025 1382 3117 coirassier,

320 3173 482 3274 drogieco,
504 3176 686 3274 pandarus,
711 3179 902 3274 compuiyn,
926 3199 1035 3275 corps,
1052 3177 1214 3274 pluteum·
1228 3176 1382 3276 litteris:

319 3328 558 3422 alexandrine,
589 3331 766 3428 quatrata,
797 3353 938 3427 cpopcc,
970 3310 1198 3427 impromptu,
1231 3341 1382 3428 peretto,

309 3482 492 3580 ‘lompoom
513 3483 667 3570 memora,
687 3481 849 3580 critique3
869 3480 1001 3555 ortibus
1022 3505 1031 3555 :
1049 3492 1209 3573 conone,
1230 3483 1382 3576 relocet,

320 3636 474 3728 otdruda,
488 3659 612 3734 prosp,
631 3635 770 3732 profile,
779 3634 921 3732 polctte,
936 3635 1131 3723 miniatum,
1149 3677 1199 3688 —
1208 3635 1381 3732 slopeolet,

318 3893 400 3952 Poeta,
415 3892 534 3958 brydcn.)
556 3909 575 3938 r
587 3918 618 3928 —
633 3911 643 3938 u
661 3892 758 3956 Dryden
775 3867 821 3942 has
839 3895 902 3943 been
918 3893 1022 3942 accused
1042 3892 1070 3942 ol
1084 3892 1266 3957 undecessarily
1283 3891 1384 3956 larding

292 3999 294 4004 ,
318 3965 357 4014 his
372 3966 432 4028 style
448 3965 509 4015 with
524 3963 670 4014 Gallicisms.
688 3966 709 4014 lt
724 3961 791 4014 must
805 3966 836 4014 be
849 3967 946 4026 owned,
959 3965 1021 4025 that,
1039 3969 1064 4013 to
1083 3966 1179 4028 comply
1191 3964 1309 4026 probably
1319 3963 1382 4012 with

318 4037 360 4085 the
377 4037 484 4086 humour
501 4036 528 4086 ol
546 4035 658 4095 Charles,
678 4048 706 4083 or
725 4035 789 4085 lrom
811 4050 843 4084 au
865 4036 1005 4086 affectation
1029 4037 1056 4085 ol
1071 4037 1114 4085 the
1133 4035 1288 4084 lashionable
1310 4038 1382 4082 court

302 4107 418 4165 'dialect
434 4109 477 4156 the
498 4108 662 4170 pcetlaureat
680 4107 807 4170 employed
827 4110 888 4158 such
907 4108 991 4158 words
1010 4122 1038 4156 as
1053 4107 1154 4170 soccus,
1168 4106 1303 4170 frotcberrn
1321 4111 1381 4166 etc,

235 4201 242 4218 ·
318 4178 416 4228 instead
431 4180 458 4228 ol
471 4181 513 4228 the
525 4179 718 4242 corresponding
732 4180 888 4240 expressions
901 4181 927 4228 in
942 4179 1072 4241 English...
1082 4180 1103 4228 lt
1111 4179 1164 4228 will
1178 4178 1256 4227 admit
1270 4177 1298 4225 ol
1308 4189 1382 4238 qnes-

314 4250 380 4309 ¹tion,
395 4251 508 4300 whether
523 4265 570 4314 any
588 4250 669 4314 single
683 4253 776 4301 French
792 4253 862 4301 word
881 4253 926 4301 has
943 4253 1008 4300 been
1024 4251 1177 4300 naturalized
1188 4263 1254 4313 upon
1270 4249 1311 4296 the
1329 4247 1381 4297 sole

317 4321 440 4386 authority
452 4323 583 4386 olltryden
597 4338 618 4370 r.
634 4321 735 4387 (Walter
748 4324 826 4383 Scott,
839 4321 892 4386 bisc
905 4322 1055 4388 osllryden,
1068 4337 1092 4386 p.
1106 4319 1199 4385 5213.)
